@book{sutton2018reinforcement,
	title={Reinforcement learning: An introduction},
	author={Sutton, Richard S and Barto, Andrew G},
	year={2018},
	publisher={MIT press}
}

@article{deisenroth2013survey,
	title={A survey on policy search for robotics},
	author={Deisenroth, Marc Peter and Neumann, Gerhard and Peters, Jan and others},
	journal={Foundations and Trends{\textregistered} in Robotics},
	volume={2},
	number={1--2},
	pages={1--142},
	year={2013},
	publisher={Now Publishers, Inc.}
}

@inproceedings{haarnoja2018soft,
	author    = {Tuomas Haarnoja and
	Aurick Zhou and
	Pieter Abbeel and
	Sergey Levine},
	title     = {Soft Actor-Critic: Off-Policy Maximum Entropy Deep Reinforcement Learning
	with a Stochastic Actor},
	booktitle = {Proceedings of the 35th International Conference on Machine Learning},
	pages     = {1856--1865},
	year      = {2018},
}

@book{lattimore2019bandit,
	title = {Bandit Algorithms},
	author = {Lattimore, Tor and Szepesv\'{a}ri, Csaba},
	year = {2019},
	publisher = {Cambridge University Press (preprint)},
}

@article{bubeck2013bandits,
  title={Bandits with heavy tail},
  author={Bubeck, S{\'e}bastien and Cesa-Bianchi, Nicolo and Lugosi, G{\'a}bor},
  journal={IEEE Transactions on Information Theory},
  volume={59},
  number={11},
  pages={7711--7717},
  year={2013},
  publisher={IEEE}
}

@InProceedings{srinivas2010gaussian,
	author =    {Niranjan Srinivas and Andreas Krause and Sham Kakade and Matthias Seeger},
	title =     {Gaussian Process Optimization in the Bandit Setting: No Regret and Experimental Design},
	booktitle = {Proceedings of the 27th International Conference on Machine Learning (ICML-10)},
	pages =     {1015--1022},
	year =      2010,
	editor =    {Johannes F{\"u}rnkranz and Thorsten Joachims},
	address =   {Haifa, Israel},
	month =     {June},
	publisher = {Omnipress}
}

@inproceedings{bellemare2016unifying,
  title={Unifying count-based exploration and intrinsic motivation},
  author={Bellemare, Marc and Srinivasan, Sriram and Ostrovski, Georg and Schaul, Tom and Saxton, David and Munos, Remi},
  booktitle={Advances in Neural Information Processing Systems},
  pages={1471--1479},
  year={2016}
}

